<?xml version="1.0" encoding="UTF-8"?><collection xmlns="http://www.loc.gov/MARC21/slim"><record><leader>00543nam--2200193-i-4500</leader><controlfield tag="001">000041337</controlfield><controlfield tag="002">20161230</controlfield><controlfield tag="005">20161230201043</controlfield><controlfield tag="008">060222s1000------------r-----000-0-eng-d</controlfield><datafield ind1=" " ind2=" " tag="020"><subfield code="a">0126381402</subfield></datafield><datafield ind1=" " ind2=" " tag="040"><subfield code="a">IFIN-HH</subfield></datafield><datafield ind1=" " ind2=" " tag="080"><subfield code="a">537.311.33(061.3)</subfield></datafield><datafield ind1="1" ind2=" " tag="100"><subfield code="a">Shah,Jagdeep</subfield></datafield><datafield ind1="1" ind2="0" tag="245"><subfield code="a">Hot carries in semiconductor nanostructures: physics and applications</subfield><subfield code="c">Jagdeep shah</subfield></datafield><datafield ind1=" " ind2=" " tag="260"><subfield code="a">Boston</subfield><subfield code="b">Academic Press Inc</subfield><subfield code="c">1992</subfield></datafield><datafield ind1=" " ind2=" " tag="300"><subfield code="a">XVI + 508 P</subfield></datafield><datafield ind1=" " ind2="4" tag="650"><subfield code="a">Nanostructures</subfield></datafield><datafield ind1=" " ind2="2" tag="852"><subfield code="a">80277</subfield><subfield code="c">537.311.33</subfield></datafield><datafield ind1=" " ind2=" " tag="CAT"><subfield code="a">Sys</subfield><subfield code="c">20110802</subfield><subfield code="h">163618</subfield></datafield></record></collection>